@online{formilo,
 author = {{Mehmet Bayram, formilo}},
 year = {},
 title = {Popularit√§t und Statistiken der PDF},
 url = {https://www.formilo.com/pdf-formulare/einfuehrung/popularitaet-statistiken/},
 urldate = {2023-12-19},
 abstract = {},
 subtitle = {}
}